[gd_scene load_steps=8 format=3 uid="uid://d4f1eul7x7r3k"]

[ext_resource type="PackedScene" uid="uid://d3ha7ds1aoo2i" path="res://interactive_objects/cannon/cannon.tscn" id="1_34aap"]
[ext_resource type="PackedScene" uid="uid://ct58hfup71b1f" path="res://interactive_objects/cannon/torch.tscn" id="1_avu5x"]
[ext_resource type="PackedScene" uid="uid://do5iy442nqq3u" path="res://interactive_objects/cannon/cannon_ball.tscn" id="2_fccf3"]
[ext_resource type="PackedScene" uid="uid://oa4i31gngilk" path="res://xr_player/xr_player.tscn" id="3_lvyi8"]
[ext_resource type="PackedScene" uid="uid://cutbips1ad3bx" path="res://interactive_objects/cannon/gunpowder_box.tscn" id="4_8khmq"]

[sub_resource type="BoxShape3D" id="BoxShape3D_mpeac"]
size = Vector3(1, 1, 0.0129067)

[sub_resource type="QuadMesh" id="QuadMesh_3q46v"]

[node name="CannonTest" type="Node3D"]

[node name="Torch" parent="." instance=ExtResource("1_avu5x")]
transform = Transform3D(1, 0, 0, 0, 1, 0, 0, 0, 1, 0.175126, 0.590923, -1.23407)
lock_rotation = true

[node name="Cannon" parent="." instance=ExtResource("1_34aap")]
transform = Transform3D(1, 0, 0, 0, 1, 0, 0, 0, 1, -2.34451, 0.669492, 0.248804)

[node name="CannonBall" parent="." instance=ExtResource("2_fccf3")]
transform = Transform3D(1, 0, 0, 0, 1, 0, 0, 0, 1, -0.316451, 0.69128, -1.61936)

[node name="CannonBall2" parent="." instance=ExtResource("2_fccf3")]
transform = Transform3D(1, 0, 0, 0, 1, 0, 0, 0, 1, -0.0137321, 0.69128, -1.9024)

[node name="CannonBall3" parent="." instance=ExtResource("2_fccf3")]
transform = Transform3D(1, 0, 0, 0, 1, 0, 0, 0, 1, -0.0554701, 0.69128, -1.35911)

[node name="XrPlayer" parent="." instance=ExtResource("3_lvyi8")]

[node name="GupowderBox" parent="." instance=ExtResource("4_8khmq")]
transform = Transform3D(1, 0, 0, 0, 1, 0, 0, 0, 1, -0.617738, 0.636327, -1.90022)

[node name="GupowderBox2" parent="." instance=ExtResource("4_8khmq")]
transform = Transform3D(1, 0, 0, 0, 1, 0, 0, 0, 1, -0.617738, 0.636327, -1.61274)

[node name="GupowderBox3" parent="." instance=ExtResource("4_8khmq")]
transform = Transform3D(1, 0, 0, 0, 1, 0, 0, 0, 1, -0.617738, 0.636327, -1.36817)

[node name="DirectionalLight3D" type="DirectionalLight3D" parent="."]
transform = Transform3D(0.758523, 0.543271, 0.35986, -0.538969, 0.212634, 0.815046, 0.366273, -0.812184, 0.454094, 0, 3, 0)
visible = false

[node name="StaticBody3D" type="StaticBody3D" parent="."]
transform = Transform3D(1, 0, 0, 0, 1, 0, 0, 0, 1, -0.295988, 0.514345, -1.60173)

[node name="CollisionShape3D" type="CollisionShape3D" parent="StaticBody3D"]
transform = Transform3D(1, 0, 0, 0, -4.37114e-08, 1, 0, -1, -4.37114e-08, 0, 0, 0)
shape = SubResource("BoxShape3D_mpeac")

[node name="MeshInstance3D" type="MeshInstance3D" parent="StaticBody3D"]
transform = Transform3D(1, 0, 0, 0, -4.37114e-08, 1, 0, -1, -4.37114e-08, 0, 0, 0)
mesh = SubResource("QuadMesh_3q46v")
